<record><leader>00000cas a2200000 i 4500</leader><controlfield tag="001">18399244</controlfield><controlfield tag="008">880825d18381839scuwr ne      0    0eng c</controlfield><datafield ind1=" " ind2=" " tag="010"><subfield code="a">sn 88084131 </subfield></datafield><datafield ind1=" " ind2=" " tag="040"><subfield code="a">PPM</subfield><subfield code="b">eng</subfield><subfield code="e">rda</subfield><subfield code="c">PPM</subfield><subfield code="d">SVN</subfield><subfield code="d">FUG</subfield><subfield code="d">OCL</subfield><subfield code="d">OCLCQ</subfield><subfield code="d">OCLCF</subfield><subfield code="d">OCLCO</subfield><subfield code="d">SUC</subfield></datafield><datafield ind1=" " ind2=" " tag="042"><subfield code="a">msc</subfield></datafield><datafield ind1=" " ind2=" " tag="043"><subfield code="a">n-us-sc</subfield></datafield><datafield ind1="0" ind2="0" tag="245"><subfield code="a">Cheraw gazette and Pee Dee farmer.</subfield></datafield><datafield ind1="3" ind2="0" tag="246"><subfield code="a">Pee Dee farmer</subfield></datafield><datafield ind1=" " ind2="1" tag="264"><subfield code="a">Cheraw S.C. :</subfield><subfield code="b">M. MacLean</subfield></datafield><datafield ind1=" " ind2=" " tag="300"><subfield code="a">volumes</subfield></datafield><datafield ind1=" " ind2=" " tag="310"><subfield code="a">Weekly</subfield></datafield><datafield ind1=" " ind2=" " tag="336"><subfield code="a">text</subfield><subfield code="2">rdacontent</subfield></datafield><datafield ind1=" " ind2=" " tag="337"><subfield code="a">unmediated</subfield><subfield code="2">rdamedia</subfield></datafield><datafield ind1=" " ind2=" " tag="338"><subfield code="a">volume</subfield><subfield code="2">rdacarrier</subfield></datafield><datafield ind1="1" ind2=" " tag="362"><subfield code="a">Began with November 21, 1838; ceased with November 8, 1839.</subfield></datafield><datafield ind1=" " ind2=" " tag="530"><subfield code="a">Archived issues are available in digital format as part of the Library of Congress Chronicling America online collection.</subfield></datafield><datafield ind1=" " ind2=" " tag="588"><subfield code="a">Description based on: Vol. IV, No. 1 (November 28, 1838); title from masthead.</subfield></datafield><datafield ind1=" " ind2=" " tag="588"><subfield code="a">Latest issue consulted: Volume IV, Number LII (November 8, 1839).</subfield></datafield><datafield ind1=" " ind2="0" tag="651"><subfield code="a">Cheraw (S.C.)</subfield><subfield code="v">Newspapers.</subfield></datafield><datafield ind1=" " ind2="0" tag="651"><subfield code="a">Chesterfield County (S.C.)</subfield><subfield code="v">Newspapers.</subfield></datafield><datafield ind1=" " ind2="7" tag="651"><subfield code="a">South Carolina</subfield><subfield code="z">Cheraw.</subfield><subfield code="2">fast</subfield><subfield code="0">(OCoLC)fst01206936</subfield></datafield><datafield ind1=" " ind2="7" tag="651"><subfield code="a">South Carolina</subfield><subfield code="z">Chesterfield County.</subfield><subfield code="2">fast</subfield><subfield code="0">(OCoLC)fst01209228</subfield></datafield><datafield ind1=" " ind2="7" tag="655"><subfield code="a">Newspapers.</subfield><subfield code="2">fast</subfield><subfield code="0">(OCoLC)fst01423814</subfield></datafield><datafield ind1=" " ind2=" " tag="752"><subfield code="a">United States</subfield><subfield code="b">South Carolina</subfield><subfield code="c">Chesterfield</subfield><subfield code="d">Cheraw.</subfield></datafield><datafield ind1="0" ind2="0" tag="780"><subfield code="t">Cheraw gazette (Cheraw, S.C. : 1835)</subfield><subfield code="w">(DLC)sn 88084121</subfield><subfield code="w">(OCoLC)18395718</subfield></datafield><datafield ind1="0" ind2="0" tag="785"><subfield code="t">Farmer's gazette and Cheraw advertiser</subfield><subfield code="w">(DLC)sn 85042795</subfield><subfield code="w">(OCoLC)12862856</subfield></datafield><datafield ind1="4" ind2="1" tag="856"><subfield code="u">http://chroniclingamerica.loc.gov/lccn/sn88084131/issues/</subfield></datafield><datafield ind1="1" ind2=" " tag="029"><subfield code="a">AU@</subfield><subfield code="b">000020121038</subfield></datafield></record>